<?xml version="1.0" encoding="UTF-8"?><collection xmlns="http://www.loc.gov/MARC21/slim"><record><leader>00332nam--2200121-i-4500</leader><controlfield tag="001">000012873</controlfield><controlfield tag="002">20161230</controlfield><controlfield tag="005">20161230201030</controlfield><controlfield tag="008">060222s1000------------r-----000-0-eng-d</controlfield><datafield ind1=" " ind2=" " tag="245"><subfield code="a">Organometallic reactions</subfield></datafield><datafield ind1=" " ind2=" " tag="260"><subfield code="a">New York, Wiley Interscience, 1970-1972 X + 446 P</subfield></datafield><datafield ind1=" " ind2=" " tag="700"><subfield code="a">Becker, Ernesst I.And Tsutsui, Minoru</subfield></datafield><datafield ind1=" " ind2=" " tag="852"><subfield code="a">35548</subfield></datafield></record></collection>